@mastersthesis{KalmanBsc,
  author="{Kálmán Viktor}",
  title="{Automatikus feladatkiértékelő rendszer továbbfejlesztése}",
  school="Budapesti Műszaki és Gazdaságtudományi Egyetem",
  month="december",
  year=2014,
  type="Szakdolgozat"
}

@mastersthesis{KalmanMsc,
  author="{Kálmán Viktor}",
  title="{Integrált feladatellenőrző és oktatórendszer}",
  school="Budapesti Műszaki és Gazdaságtudományi Egyetem",
  month="december",
  year=2016,
  type="Diplomaterv"
}

@mastersthesis{DudiMsc,
  author="{Dudás Ádám}",
  title="{Feladatleíró modul online oktatás rendszerhez}",
  school="Budapesti Műszaki és Gazdaságtudományi Egyetem",
  month="december",
  year=2016,
  type="Diplomaterv"
}
